% PT: aqui encontra exemplos de entradas bibliográficas. Para as referenciar no texto, utilize a keyword \cite{nome_da_referência}
% PT: NOTA: as referências só aparecem no índice de referências se tiverem sido citadas com o \cite no texto!

@online
{
    ismai_ead,
    title = {EAD - Ensino-Aprendizagem Digital},
    year = 2008,
    url = {https://www.ismai.pt/pt/ensino/ead},
    author = {ISMAI},
    urldate = {2021-10-15}
}

@book
{
  encyclopedia_city,
  title     = "Encyclopedia of the City",
  author    = "W. Caves, Roger",
  year      = 2013,
  publisher = "Routledge",
  address   = "London",
  isbn      = {9780415862875},
  pages     = 180
}

@misc{rfc4512,
	series =	{Request for Comments},
	number =	4512,
	howpublished =	{RFC 4512},
	publisher =	{RFC Editor},
	doi =		{10.17487/RFC4512},
	url =		{https://rfc-editor.org/rfc/rfc4512.html},
    author =	{K. Zeilenga},
	title =		{{Lightweight Directory Access Protocol (LDAP): Directory Information Models}},
	year =		2006,
	month =		6
}

@online
{
    notpeer_truckfactor,
    title = {What is the Truck Factor of popular GitHub applications? A first assessment},
    url = {https://peerj.com/preprints/1233v3/},
    year = 2017,
    month = 1,
    day = 2,
    Journal = {Ethnologue: Languages of the World. Twenty-fourth edition},
    author = {Guilherme Avelino and Marco Tulio Valente and Andre Hora},
    note = "[Online]",
    urldate = {2022-01-25}
}


@misc{rfc4253,
	series =	{Request for Comments},
	number =	4253,
	howpublished =	{RFC 4253},
	publisher =	{RFC Editor},
	doi =		{10.17487/RFC4253},
	url =		{https://www.rfc-editor.org/rfc/rfc4253},
    author =	{T. Ylonen},
	title =		{{The Secure Shell (SSH) Transport Layer Protocol}},
	year =		2006,
	month =		1
}

@misc{rfc9293,
	series =	{Request for Comments},
	number =	9293,
	howpublished =	{RFC 9293},
	publisher =	{RFC Editor},
	doi =		{10.17487/RFC9293},
	url =		{https://www.rfc-editor.org/rfc/rfc9293.html},
    author =	{W. Eddy, Ed.},
	title =		{{Transmission Control Protocol (TCP)}},
	year =		2022,
	month =		8
}


@misc{rfc768,
	series =	{Request for Comments},
	number =	768,
	howpublished =	{RFC 768},
	publisher =	{RFC Editor},
	doi =		{10.17487/RFC768},
	url =		{https://www.rfc-editor.org/rfc/rfc768.html},
    author =	{J. Postel},
	title =		{{ User Datagram Protocol}},
	year =		1980,
	month =		8
}